<?xml version="1.0" encoding="UTF-8"?><collection xmlns="http://www.loc.gov/MARC21/slim"><record><leader>00674nam--2200229-u-4500</leader><controlfield tag="001">000051135</controlfield><controlfield tag="002">20161230</controlfield><controlfield tag="005">20161230201049</controlfield><controlfield tag="008">080522s1000------------r-----000-0-eng-d</controlfield><datafield ind1=" " ind2=" " tag="020"><subfield code="a">0-8218-1948-8</subfield></datafield><datafield ind1=" " ind2=" " tag="040"><subfield code="a">IFIN-HH</subfield></datafield><datafield ind1=" " ind2=" " tag="080"><subfield code="a">519.218</subfield></datafield><datafield ind1="1" ind2=" " tag="100"><subfield code="a">Zinsmeister, Michel</subfield></datafield><datafield ind1="1" ind2="0" tag="245"><subfield code="a">Thermodynamic Fromalism and Hlomorphic Dynamical Systems</subfield><subfield code="c">Michel Zinsmeister</subfield></datafield><datafield ind1=" " ind2=" " tag="260"><subfield code="a">Providence</subfield><subfield code="b">American Mathematical Society</subfield><subfield code="c">2000</subfield></datafield><datafield ind1=" " ind2=" " tag="300"><subfield code="a">82 p</subfield></datafield><datafield ind1=" " ind2=" " tag="490"><subfield code="a">SMF/AMS Texts and Monographs</subfield><subfield code="v">vol. 2</subfield></datafield><datafield ind1=" " ind2="4" tag="650"><subfield code="a">Differential dynamical systems</subfield></datafield><datafield ind1=" " ind2=" " tag="650"><subfield code="a">Thermodynamics</subfield></datafield><datafield ind1="1" ind2=" " tag="700"><subfield code="a">Michel Zinsmeister</subfield></datafield><datafield ind1=" " ind2=" " tag="852"><subfield code="a">82090</subfield><subfield code="c">519.2</subfield></datafield><datafield ind1=" " ind2=" " tag="CAT"><subfield code="a">Sys</subfield><subfield code="c">20100621</subfield><subfield code="h">141158</subfield></datafield></record></collection>